@misc{microsoftahaha,   
    title = {Microsoft by the Numbers},   
    url = {https://news.microsoft.com/bythenumbers/},
    author = {Microsoft},   
    year = {2023},   
    note = {Accessed on 20 September 2023.} 
}

@article{trautman2018wannacry,
  title={Wannacry, Ransomware, and the Emerging Threat to Corporations},
  author={Trautman, Lawrence J and Ormerod, Peter C},
  journal={Tenn. L. Rev.},
  volume={86},
  pages={503},
  year={2018},
  publisher={HeinOnline}
}

@article{meng2016communication,
  title={A Communication-Efficient Parallel Algorithm for Decision Tree},
  author={Meng, Qi and Ke, Guolin and Wang, Taifeng and Chen, Wei and Ye, Qiwei and Ma, Zhi-Ming and Liu, Tie-Yan},
  journal={Advances in Neural Information Processing Systems},
  volume={29},
  year={2016}
}

@article{ke2017lightgbm,
  title={LightGBM: A Highly Efficient Gradient Boosting Decision Tree},
  author={Ke, Guolin and Meng, Qi and Finley, Thomas and Wang, Taifeng and Chen, Wei and Ma, Weidong and Ye, Qiwei and Liu, Tie-Yan},
  journal={Advances in Neural Information Processing Systems},
  volume={30},
  year={2017}
}

@article{gradio,
  title = {Gradio: Hassle-Free Sharing and Testing of ML Models in the Wild},
  author = {Abid, Abubakar and Abdalla, Ali and Abid, Ali and Khan, Dawood and Alfozan, Abdulrahman and Zou, James},
  journal = {arXiv preprint arXiv:1906.02569},
  year = {2019},
}

@Manual{pycaret, 
    title = {PyCaret: An open source, low-code machine learning library in Python}, 
    author = {Moez Ali}, 
    year = {2020}, 
    month = {April}, 
    note = { PyCaret version 1.0}, 
    url = {https://www.pycaret.org}
}

@inproceedings{xgboost,
 author = {Chen, Tianqi and Guestrin, Carlos},
 title = {{XGBoost}: A Scalable Tree Boosting System},
 booktitle = {Proceedings of the 22nd ACM SIGKDD International Conference on Knowledge Discovery and Data Mining},
 series = {KDD '16},
 year = {2016},
 isbn = {978-1-4503-4232-2},
 location = {San Francisco, California, USA},
 pages = {785--794},
 numpages = {10},
 url = {http://doi.acm.org/10.1145/2939672.2939785},
 doi = {10.1145/2939672.2939785},
 acmid = {2939785},
 publisher = {ACM},
 address = {New York, NY, USA},
 keywords = {large-scale machine learning},
} 

@misc{microsoft-malware-prediction,
    author = {Addison Howard and Ben Hope and Brendan Saltaformaggio and Eric Avena, Mansour Ahmadi and Matthew Duncan and Rob McCann and Will Cukierski},
    title = {Microsoft Malware Prediction},
    publisher = {Kaggle},
    year = {2018},
    url = {https://kaggle.com/competitions/microsoft-malware-prediction}
}

@article{shahini2019,
  title={Machine Learning to Predict the Likelihood of a Personal Computer to Be Infected with Malware},
  author={Shahini, Maryam and Farhanian, Ramin and Ellis, Marcus},
  journal={SMU Data Science Review},
  volume={2},
  number={2},
  pages={9},
  year={2019}
}

@article{iop2020,
    title={The application of LightGBM in Microsoft malware detection},
    volume={1684},
    DOI={10.1088/1742-6596/1684/1/012041},
    number={1},
    journal={Journal of Physics: Conference Series},
    author={Pan, Qiangjian and Tang, Weiliang and Yao, Siyue},
    year={2020},
    pages={012041}
}

@inproceedings{sokolov2021,
  title={Predicting Malware Attacks using Machine Learning and AutoAI.},
  author={Sokolov, Mark and Herndon, Nic},
  booktitle={ICPRAM},
  pages={295--301},
  year={2021}
}

@article{wicaksono2023,
  title={Comparative Analysis of Various Ensemble Algorithms for Computer Malware Prediction},
  author={Wicaksono, Yusuf Bayu and Juliane, Christina and others},
  journal={Jurnal RESTI (Rekayasa Sistem dan Teknologi Informasi)},
  volume={7},
  number={3},
  pages={646--651},
  year={2023}
}

@inproceedings{bin2020analysis,
  title={Analysis of malware prediction based on infection rate using machine learning techniques},
  author={bin Asad, Ashub and Mansur, Raiyan and Zawad, Safir and Evan, Nahian and Hossain, Muhammad Iqbal},
  booktitle={2020 IEEE region 10 symposium (TENSYMP)},
  pages={706--709},
  year={2020},
  organization={IEEE}
}

@misc{bakanov2021development,
  title={Development of an automated system for predicting software malware},
  author={Bakanov, DS and Lobankov, AA and Sopchenko, EV and others},
  year={2021},
  publisher={Samara}
}

@misc{баканов2021разработка,
  title={Разработка автоматизированной системы прогнозирования вредоносности программного обеспечения},
  author={Баканов, ДС and Лобанков, АА and Сопченко, ЕВ and others},
  year={2021},
  publisher={Самара}
}


@misc{bakanov2021development2,
  title={Разработка автоматизированной системы прогнозирования вредоносности программного обеспечения},
  author={Bakanov, DS and Lobankov, AA and Sopchenko, EV and others},
  year={2021},
  publisher={Самар}
}


@article{catboost,
  title={CatBoost: unbiased boosting with categorical features},
  author={Prokhorenkova, Liudmila and Gusev, Gleb and Vorobev, Aleksandr and Dorogush, Anna Veronika and Gulin, Andrey},
  journal={Advances in neural information processing systems},
  volume={31},
  year={2018}
}


@conference{icissp22,
author={Tristan Carrier. and Princy Victor. and Ali Tekeoglu. and Arash Habibi Lashkari.},
title={Detecting Obfuscated Malware using Memory Feature Engineering},
booktitle={Proceedings of the 8th International Conference on Information Systems Security and Privacy - ICISSP},
year={2022},
pages={177-188},
publisher={SciTePress},
organization={INSTICC},
doi={10.5220/0010908200003120},
isbn={978-989-758-553-1},
issn={2184-4356},
}

@MISC{kaspersky_2022, 
    title={What is WannaCry ransomware?}, 
    @url={https://www.kaspersky.com/resource-center/threats/ransomware-wannacry}, 
    url={https://shorturl.at/acEOT},
    journal={www.kaspersky.com}, 
    publisher={Kaspersky}, 
    author={Kaspersky}, 
    year={2022}, 
    month={Feb}
} 

@article{mcelfresh2023neural,
  title={When Do Neural Nets Outperform Boosted Trees on Tabular Data?},
  author={McElfresh, Duncan and Khandagale, Sujay and Valverde, Jonathan and Ramakrishnan, Ganesh and Goldblum, Micah and White, Colin and others},
  journal={arXiv preprint arXiv:2305.02997},
  year={2023}
}

@article{friedman2001greedy,
  title={Greedy function approximation: a gradient boosting machine},
  author={Friedman, Jerome H},
  journal={Annals of statistics},
  pages={1189--1232},
  year={2001},
  publisher={JSTOR}
}

@article{quinlan1986induction,
  title={Induction of decision trees},
  author={Quinlan, J. Ross},
  journal={Machine learning},
  volume={1},
  pages={81--106},
  year={1986},
  publisher={Springer}
}

@book{breiman1984,
  title     = "Classification and regression trees",
  author    = {Breiman, L. and Friedman, J. and Olshen, R. and Stone, C.},
  year      = 1988,
  publisher = "Wadsworth \& Brooks/Cole Advanced Books \& Software"
}

@article{grinsztajn2022tree,
  title={Why do tree-based models still outperform deep learning on typical tabular data?},
  author={Grinsztajn, L{\'e}o and Oyallon, Edouard and Varoquaux, Ga{\"e}l},
  journal={Advances in Neural Information Processing Systems},
  volume={35},
  pages={507--520},
  year={2022}
}

@article{zhang2017gpu,
  title={GPU-acceleration for Large-scale Tree Boosting},
  author={Zhang, Huan and Si, Si and Hsieh, Cho-Jui},
  journal={arXiv preprint arXiv:1706.08359},
  year={2017}
}

@article{cortes1995support,
  title={Support-vector networks},
  author={Cortes, Corinna and Vapnik, Vladimir},
  journal={Machine learning},
  volume={20},
  pages={273--297},
  year={1995},
  publisher={Springer}
}

@article{fisher1936use,
  title={The use of multiple measurements in taxonomic problems},
  author={Fisher, Ronald A},
  journal={Annals of eugenics},
  volume={7},
  number={2},
  pages={179--188},
  year={1936},
  publisher={Wiley Online Library}
}

@inproceedings{freund1995desicion,
  title={A desicion-theoretic generalization of on-line learning and an application to boosting},
  author={Freund, Yoav and Schapire, Robert E},
  booktitle={European conference on computational learning theory},
  pages={23--37},
  year={1995},
  organization={Springer}
}

@article{horel1962application,
  title={Application of ridge analysis to regression problems},
  author={Horel, AE},
  journal={Chemical Engineering Progress},
  volume={58},
  pages={54--59},
  year={1962}
}

@incollection{rice1976algorithm,
  title={The algorithm selection problem},
  author={Rice, John R},
  booktitle={Advances in computers},
  volume={15},
  pages={65--118},
  year={1976},
  publisher={Elsevier}
}

@article{wolpert1992stacked,
  title={Stacked generalization},
  author={Wolpert, David H},
  journal={Neural networks},
  volume={5},
  number={2},
  pages={241--259},
  year={1992},
  publisher={Elsevier}
}

@article{lemke2015metalearning,
  title={Metalearning: a survey of trends and technologies},
  author={Lemke, Christiane and Budka, Marcin and Gabrys, Bogdan},
  journal={Artificial intelligence review},
  volume={44},
  pages={117--130},
  year={2015},
  publisher={Springer}
}

@article{watanabe2023tree,
  title={Tree-structured Parzen estimator: Understanding its algorithm components and their roles for better empirical performance},
  author={Watanabe, Shuhei},
  journal={arXiv preprint arXiv:2304.11127},
  year={2023}
}

@article{bergstra2011algorithms,
  title={Algorithms for hyper-parameter optimization},
  author={Bergstra, James and Bardenet, R{\'e}mi and Bengio, Yoshua and K{\'e}gl, Bal{\'a}zs},
  journal={Advances in neural information processing systems},
  volume={24},
  year={2011}
}

@inproceedings{bergstra2013making,
  title={Making a science of model search: Hyperparameter optimization in hundreds of dimensions for vision architectures},
  author={Bergstra, James and Yamins, Daniel and Cox, David},
  booktitle={International conference on machine learning},
  pages={115--123},
  year={2013},
  organization={PMLR}
}

@article{jones2001taxonomy,
  title={A taxonomy of global optimization methods based on response surfaces},
  author={Jones, Donald R},
  journal={Journal of global optimization},
  volume={21},
  pages={345--383},
  year={2001},
  publisher={Springer}
}
