@article{gradio,
  title = {Gradio: Hassle-Free Sharing and Testing of ML Models in the Wild},
  author = {Abid, Abubakar and Abdalla, Ali and Abid, Ali and Khan, Dawood and Alfozan, Abdulrahman and Zou, James},
  journal = {arXiv preprint arXiv:1906.02569},
  year = {2019},
}

@Manual{pycaret, 
    title = {PyCaret: An open source, low-code machine learning library in Python}, 
    author = {Moez Ali}, 
    year = {2020}, 
    month = {April}, 
    note = {PyCaret version 1.0}, 
    url = {https://www.pycaret.org}
}

@Manual{microsoftahaha,
    title={Microsoft by the Numbers},
    year={2023},
    month={June},
    url={https://news.microsoft.com/bythenumbers/}
}

@inproceedings{Chen:2016:XST:2939672.2939785,
 author = {Chen, Tianqi and Guestrin, Carlos},
 title = {{XGBoost}: A Scalable Tree Boosting System},
 booktitle = {Proceedings of the 22nd ACM SIGKDD International Conference on Knowledge Discovery and Data Mining},
 series = {KDD '16},
 year = {2016},
 isbn = {978-1-4503-4232-2},
 location = {San Francisco, California, USA},
 pages = {785--794},
 numpages = {10},
 url = {http://doi.acm.org/10.1145/2939672.2939785},
 doi = {10.1145/2939672.2939785},
 acmid = {2939785},
 publisher = {ACM},
 address = {New York, NY, USA},
 keywords = {large-scale machine learning},
} 

@misc{microsoft-malware-prediction,
    author = {Addison Howard and Ben Hope and Brendan Saltaformaggio and Eric Avena, Mansour Ahmadi and Matthew Duncan and Rob McCann and Will Cukierski},
    title = {Microsoft Malware Prediction},
    publisher = {Kaggle},
    year = {2018},
    url = {https://kaggle.com/competitions/microsoft-malware-prediction}
}


@misc{shahini2019,
    title={Machine Learning to Predict the Likelihood of a Personal Computer to Be Infected with Malware},
    url={https://scholar.smu.edu/datasciencereview/vol2/iss2/9/},
    journal={SMU Scholar},
    author={Shahini, Maryam and Farhanian, Ramin and Ellis, Marcus}
}
@article{iop2020,
    title={The application of LightGBM in Microsoft malware detection},
    volume={1684},
    DOI={10.1088/1742-6596/1684/1/012041},
    number={1},
    journal={Journal of Physics: Conference Series},
    author={Pan, Qiangjian and Tang, Weiliang and Yao, Siyue},
    year={2020},
    pages={012041}
}

@article{ke2017lightgbm,
  title={Lightgbm: A highly efficient gradient boosting decision tree},
  author={Ke, Guolin and Meng, Qi and Finley, Thomas and Wang, Taifeng and Chen, Wei and Ma, Weidong and Ye, Qiwei and Liu, Tie-Yan},
  journal={Advances in neural information processing systems},
  volume={30},
  pages={3146--3154},
  year={2017}
} 



@inproceedings{sokolov2021,
  title={Predicting Malware Attacks using Machine Learning and AutoAI.},
  author={Sokolov, Mark and Herndon, Nic},
  booktitle={ICPRAM},
  pages={295--301},
  year={2021}
}



@inproceedings{cat,
  added-at = {2020-03-06T00:00:00.000+0100},
  author = {Prokhorenkova, Liudmila Ostroumova and Gusev, Gleb and Vorobev, Aleksandr and Dorogush, Anna Veronika and Gulin, Andrey},
  biburl = {https://www.bibsonomy.org/bibtex/297801d45dbb5b897b95b0efb4965d09b/dblp},
  booktitle = {NeurIPS},
  crossref = {conf/nips/2018},
  editor = {Bengio, Samy and Wallach, Hanna M. and Larochelle, Hugo and Grauman, Kristen and Cesa-Bianchi, Nicol√≤ and Garnett, Roman},
  ee = {http://papers.nips.cc/paper/7898-catboost-unbiased-boosting-with-categorical-features},
  interhash = {e714662be226c394ce9d75823bfa260b},
  intrahash = {97801d45dbb5b897b95b0efb4965d09b},
  keywords = {dblp},
  pages = {6639-6649},
  timestamp = {2020-03-07T11:50:35.000+0100},
  title = {CatBoost: unbiased boosting with categorical features.},
  url = {http://dblp.uni-trier.de/db/conf/nips/nips2018.html#ProkhorenkovaGV18},
  year = 2018
}


@conference{icissp22,
author={Tristan Carrier. and Princy Victor. and Ali Tekeoglu. and Arash Habibi Lashkari.},
title={Detecting Obfuscated Malware using Memory Feature Engineering},
booktitle={Proceedings of the 8th International Conference on Information Systems Security and Privacy - ICISSP},
year={2022},
pages={177-188},
publisher={SciTePress},
organization={INSTICC},
doi={10.5220/0010908200003120},
isbn={978-989-758-553-1},
issn={2184-4356},
}

@MISC{kaspersky_2022, 
    title={What is WannaCry ransomware?}, 
    @url={https://www.kaspersky.com/resource-center/threats/ransomware-wannacry}, 
    url={https://shorturl.at/acEOT},
    journal={www.kaspersky.com}, 
    publisher={Kaspersky}, 
    author={Kaspersky}, 
    year={2022}, 
    month={Feb}
} 

